<?xml version="1.0" encoding="UTF-8"?><collection xmlns="http://www.loc.gov/MARC21/slim"><record><leader>00518nam--2200169-i-4500</leader><controlfield tag="001">000037386</controlfield><controlfield tag="002">20161230</controlfield><controlfield tag="005">20170107161346</controlfield><controlfield tag="008">060222s1000------------r-----000-0-eng-d</controlfield><datafield ind1=" " ind2=" " tag="040"><subfield code="a">IFIN-HH</subfield></datafield><datafield ind1=" " ind2=" " tag="080"><subfield code="a">524.1:523.165</subfield></datafield><datafield ind1="1" ind2=" " tag="100"><subfield code="a">Gomb©Łs, P©Łl</subfield></datafield><datafield ind1="1" ind2="0" tag="245"><subfield code="a">Proceedings of the Symposium on Hadron Spectroscopy</subfield><subfield code="b">Keszthely, Hungary 6-11 September, 1968</subfield><subfield code="c">Gomb©Łs, P. (ed.)</subfield></datafield><datafield ind1=" " ind2=" " tag="260"><subfield code="a">Keszthely</subfield><subfield code="b">Academiae Scientiarum Hungaricae</subfield><subfield code="c">1969</subfield></datafield><datafield ind1=" " ind2=" " tag="300"><subfield code="a">207 p</subfield></datafield><datafield ind1=" " ind2=" " tag="852"><subfield code="a">37386</subfield><subfield code="c">539.131</subfield></datafield><datafield ind1=" " ind2=" " tag="CAT"><subfield code="a">SYS</subfield><subfield code="c">20170107</subfield><subfield code="h">161346</subfield></datafield></record></collection>